%% This BibTeX bibliography file was created using BibDesk.
%% http://bibdesk.sourceforge.net/



@article{sonar_tec_overview,
  title={Widely scalable mobile underwater sonar technology: An overview of the H2020 WiMUST project},
  author={Abreu, Pedro and Antonelli, Gianluca and Arrichiello, Filippo and Caffaz, Andrea and Caiti, Andrea and Casalino, Giuseppe and Volpi, Nicola Catenacci and De Jong, Ivan Bielic and De Palma, Daniela and Duarte, Henrique and others},
  journal={Marine Technology Society Journal},
  volume={50},
  number={4},
  pages={42--53},
  year={2016},
  publisher={Marine Technology Society}
}

@article{morph,
  title={The European R\&D-Project MORPH: Marine robotic systems of self-organizing, logically linked physical nodes},
  author={Kalwa, J{\"o}rg and Pascoal, A and Ridao, Pere and Birk, A and Eichhorn, M and Brignone, L and Caccia, M and Alves, J and Santos, RS},
  journal={IFAC Proceedings Volumes},
  volume={45},
  number={27},
  pages={226--231},
  year={2012},
  publisher={Elsevier}
}

@incollection{diehl2006fast,
  title={Fast direct multiple shooting algorithms for optimal robot control},
  author={Diehl, Moritz and Bock, Hans Georg and Diedam, Holger and Wieber, P-B},
  booktitle={Fast motions in biomechanics and robotics},
  pages={65--93},
  year={2006},
  publisher={Springer}
}

@article{rao2009survey,
  title={A survey of numerical methods for optimal control},
  author={Rao, Anil V},
  journal={Advances in the Astronautical Sciences},
  volume={135},
  number={1},
  pages={497--528},
  year={2009},
  publisher={Univelt, Inc.}
}

@inproceedings{sabetghadam2018cooperative,
  title={Cooperative Motion Planning with Time, Energy and Active Navigation Constraints},
  author={Sabetghadam, Bahareh and Cunha, Rita and Pascoal, Ant{\'o}nio},
  booktitle={2018 IEEE/OES Autonomous Underwater Vehicle Workshop (AUV)},
  pages={1--6},
  year={2018},
  organization={IEEE}
}

@article{fliess1995flatness,
  title={Flatness and defect of non-linear systems: introductory theory and examples},
  author={Fliess, Michel and L{\'e}vine, Jean and Martin, Philippe and Rouchon, Pierre},
  journal={International journal of control},
  volume={61},
  number={6},
  pages={1327--1361},
  year={1995},
  publisher={Taylor \& Francis}
}

@phdthesis{hausler2015mission,
  title={Mission planning for multiple cooperative robotic vehicles},
  author={H{\"a}usler, Andreas Johannes},
  year={2015},
  school={Department of Electrical and Computer Engineering, Instituto Superior Técnico}
}


@article{cichella2018bernstein,
  title={Bernstein approximation of optimal control problems},
  author={Cichella, Venanzio and Kaminer, Isaac and Walton, Claire and Hovakimyan, Naira and Pascoal, Antonio},
  journal={arXiv preprint arXiv:1812.06132},
  year={2018}
}

@article{xargay2012time,
  title={Time-critical cooperative control of multiple autonomous vehicles: Robust distributed strategies for path-following control and time-coordination over dynamic communications networks},
  author={Xargay, Enric and Dobrokhodov, Vladimir and Kaminer, Isaac and Pascoal, Antonio M and Hovakimyan, Naira and Cao, Chengyu},
  journal={IEEE Control Systems Magazine},
  volume={32},
  number={5},
  pages={49--73},
  year={2012},
  publisher={IEEE}
}

@article{chang2011computation,
  title={Computation of the minimum distance between two B{\'e}zier curves/surfaces},
  author={Chang, Jung-Woo and Choi, Yi-King and Kim, Myung-Soo and Wang, Wenping},
  journal={Computers \& Graphics},
  volume={35},
  number={3},
  pages={677--684},
  year={2011},
  publisher={Elsevier}
}

@inproceedings{aguiar2009cooperative,
  title={Cooperative autonomous marine vehicle motion control in the scope of the EU GREX project: theory and practice},
  author={Aguiary, A and Almeida, J and Bayat, M and Cardeira, B and Cunha, R and Hausler, A and Maurya, P and Oliveira, A and Pascoal, A and Pereira, A and others},
  booktitle={Oceans 2009-Europe},
  pages={1--10},
  year={2009},
  organization={IEEE}
}

@article{abreu2016widely,
  title={Widely scalable mobile underwater sonar technology: An overview of the H2020 WiMUST project},
  author={Abreu, Pedro and Antonelli, Gianluca and Arrichiello, Filippo and Caffaz, Andrea and Caiti, Andrea and Casalino, Giuseppe and Volpi, Nicola Catenacci and De Jong, Ivan Bielic and De Palma, Daniela and Duarte, Henrique and others},
  journal={Marine Technology Society Journal},
  volume={50},
  number={4},
  pages={42--53},
  year={2016},
  publisher={Marine Technology Society}
}


@book{farin2000essentials,
  title={The essentials of CAGD},
  author={Farin, Gerald and Hansford, Dianne},
  year={2000},
  publisher={AK Peters/CRC Press}
}

@inbook{fossen2006nonlinear,
  title={Nonlinear modelling, identification and control of UUVs},
  editor={Roberts, G.N. and Sutton. R.},
  booktitle={Advances in Unmanned Marine Vehicles},
  author={Fossen, TI and Ross, A},
  journal={IEE Control Engineering Series},
  chapter={2},
  year={2006},
  publisher={Peter Peregrinus LTD}
}

%% @online{wiki:dubincar,
%%   author = "Wikipedia contributors",
%%   title = "Dubins path --- {Wikipedia}{,} The Free Encyclopedia",
%%   url  = "https://en.wikipedia.org/w/index.php?title=Dubins_path&oldid=918571120",
%%   addendum = "(accessed: 19.10.2020)",
%% }

@misc{wiki:dubincar,
  author = "{Wikipedia contributors}",
  title = "Dubins path --- {Wikipedia}{,} The Free Encyclopedia",
  year = "2019",
  url = "https://en.wikipedia.org/w/index.php?title=Dubins_path&oldid=918571120",
  note = "[Online; accessed 19-October-2020]"
}
@article{Reeds1990OPTIMALPF,
  title={OPTIMAL PATHS FOR A CAR THAT GOES BOTH FORWARDS AND BACKWARDS},
  author={J. Reeds and L. Shepp},
  journal={Pacific Journal of Mathematics},
  year={1990},
  volume={145},
  pages={367-393}
}

@inproceedings{hauser2006barrier,
  title={A barrier function method for the optimization of trajectory functionals with constraints},
  author={Hauser, John and Saccon, Alessandro},
  booktitle={Proceedings of the 45th IEEE Conference on Decision and Control},
  pages={864--869},
  year={2006},
  organization={IEEE}
}


@article{buniyamin2011simple,
  title={A simple local path planning algorithm for autonomous mobile robots},
  author={Buniyamin, Norlida and Ngah, W Wan and Sariff, Nohaidda and Mohamad, Zainuddin},
  journal={International journal of systems applications, Engineering \& development},
  volume={5},
  number={2},
  pages={151--159},
  year={2011}
}

@InProceedings{10.1007/978-0-387-35514-6_7,
author={Gould, Nicholas I. M. and Toint, Philippe L.},
editor={Powell, M. J. D. and Scholtes, S.},
title={SQP Methods for Large-Scale Nonlinear Programming},
booktitle={System Modelling and optimisation},
year={1999},
publisher={Springer US},
address={Boston, MA},
pages={149--178},
abstract={We compare and contrast a number of recent sequential quadratic programming (SQP) methods that have been proposed for the solution of large-scale nonlinear programming problems. Both line-search and trust-region approaches are studied, as are the implications of interior-point and quadratic programming methods.}
}

@inproceedings{abreu2016medusa,
  title={The Medusa class of autonomous marine vehicles and their role in EU projects},
  author={Abreu, Pedro Caldeira and Botelho, Joao and G{\'o}is, Pedro and Pascoal, Ant{\'o}nio and Ribeiro, Jorge and Ribeiro, Miguel and Rufino, Manuel and Sebasti{\~a}o, Lu{\'\i}s and Silva, Henrique},
  booktitle={OCEANS 2016-Shanghai},
  pages={1--10},
  year={2016},
  organization={IEEE}
}

@book{lorentz2013bernstein,
  title={Bernstein polynomials},
  author={Lorentz, George G},
  year={2013},
  publisher={American Mathematical Soc.}
}

@article{riccati1724animadversiones,
  title={Animadversiones in aequationes differentiales secundi gradus (OBSERVATIONS REGARDING DIFFERENTIAL EQUATIONS of the second order)},
  author={Riccati, Jacobo},
  journal={Actorum Eruditorum Supplementa},
  volume={8},
  pages={66--73},
  year={1724}
}

@book{hazewinkelmichiel1997,
  title={Encyclopaedia of Mathematics: Supplement. 1. },
  publisher      = {Springer Science \& Business Media},
  pages={119},
  author={Hazewinkel, Michiel},
  year={1997}
}

@book{GeraldFarin2002,
  title={Handbook of Computer Aided Geometric Design},
  author={Gerald E. Farin, Josef Hoschek, Myung-Soo Kim},
  publisher={Elsevier},
  pages={4--6},
  year={2002}
}

@misc{shene2012finding,
  title={Finding a Point on a Bézier Curve: De Casteljau’s Algorithm},
  author={Shene, Ching-Kuang},
  year={2011},
  howpublished = {University Lectures},
}

@misc{privateconversationprimitive,
  author={Berry, Thomas and Pascoal, Antonio},
  year={September, 2020},
  howpublished = {private communication},
}

@misc{privateconversationendpoints,
  author={Berry, Thomas and Pascoal, Antonio and Cichella, Venanzio},
  year={September, 2020},
  howpublished = {private communication},
}

@mastersthesis{Vanni2007CoordinatedMC,
  title={Coordinated Motion Control of Multiple Autonomous Underwater Vehicles},
  author={F. Vanni},
  year={2007}
}


@article{gilbert1988fast,
  title={A fast procedure for computing the distance between complex objects in three-dimensional space},
  author={Gilbert, Elmer G and Johnson, Daniel W and Keerthi, S Sathiya},
  journal={IEEE Journal on Robotics and Automation},
  volume={4},
  number={2},
  pages={193--203},
  year={1988},
  publisher={IEEE}
}

@inproceedings{van2001proximity,
  title={Proximity queries and penetration depth computation on 3d game objects},
  author={Van Den Bergen, Gino},
  booktitle={Game developers conference},
  volume={170},
  year={2001}
}

@article{frank1956algorithm,
  title={An algorithm for quadratic programming},
  author={Frank, Marguerite and Wolfe, Philip and others},
  journal={Naval research logistics quarterly},
  volume={3},
  number={1-2},
  pages={95--110},
  year={1956},
  publisher={Wiley Subscription Services, Inc., A Wiley Company New York}
}
